@inproceedings{grcic2024fine,
    title={Fine-grained Classes and How to Find Them},
    author={Grci’c, Matej and Gadetsky, Artyom and Brbi’c, Maria},
    booktitle={International Conference on Machine Learning},
    year={2024},
}