@inproceedings{gadetsky2023pursuit,
title={The Pursuit of Human Labeling: A New Perspective on Unsupervised Learning},
author={Gadetsky, Artyom and Brbi\â€™c, Maria},
booktitle={Advances in Neural Information Processing Systems},
year={2023},
}