@inproceedings{
gadetsky2025large,
title={Large (Vision) Language Models are Unsupervised In-Context Learners},
author={Artyom Gadetsky and Andrei Atanov and Yulun Jiang and Zhitong Gao and Ghazal Hosseini Mighan and Amir Zamir and Maria Brbic},
booktitle={The Thirteenth International Conference on Learning Representations},
year={2025},
url={https://openreview.net/forum?id=ohJxgRLlLt}
}