@inproceedings{NEURIPS2021_5b658d2a,
 author = {Struminsky, Kirill and Gadetsky, Artyom and Rakitin, Denis and Karpushkin, Danil and Vetrov, Dmitry P},
 booktitle = {Advances in Neural Information Processing Systems},
 editor = {M. Ranzato and A. Beygelzimer and K. Nguyen and P. S. Liang and J. W. Vaughan and Y. Dauphin},
 pages = {10999--11011},
 publisher = {Curran Associates, Inc.},
 title = {Leveraging Recursive Gumbel-Max Trick for Approximate Inference in Combinatorial Spaces},
 url = {https://proceedings.neurips.cc/paper/2021/file/5b658d2a925565f0755e035597f8d22f-Paper.pdf},
 volume = {34},
 year = {2021}
}

